@BOOK{b-allen,
  author = {William B. Pennebaker; Joan L. Mitchell},
  title = { JPEG still image data compression standard },
  year = {1993},
  pages = {290-293},
  language = {english}
}
            
@ARTICLE{dha,
  author = {Matthias Stirner and Gerhard Seelmann},
  title = {IMPROVED REDUNDANCY REDUCTION FOR JPEG FILES},
  publisher = {Picture Coding Symposium 2007},
  year = {2007},
  numpages = {4},
  language = {english}
}
    
@BOOK{antonov,
    author = {Антонов А.С.},
    title = {Параллельное программирование с использованием OpenMP},
    publisher = {Изд-во МГУ},
    year = {2009}
    language = {русский}
}

@ONLINE{jpeg-spec,
  title        = "The JPEG Specification",
  howpublished = "\url{http://www.iso.org/iso/home/store/catalogue_tc/catalogue_detail.htm?csnumber=59634}",
  year         = 2012,
  language     = "english"
}

@ONLINE{png-spec,
  title        = "The PNG Specification",
  howpublished = "\url{https://www.w3.org/TR/PNG-Structure.html}",
  year         = 1996,
  language     = "english"
}

@ONLINE{offical-packjpg,
  title       =  "The official packJPG site",
  howpublished = "\url{http://packjpg.encode.ru }",
  language     = "english"
}


@ONLINE{png-spec,
  author       =  "Mark Nelson",
  title        = "Arithmetic Coding + Statistical Modeling = Data Compression",
  howpublished = "\url{http://marknelson.us/1991/02/01/arithmetic-coding-statistical-modeling-data-compression}",
  year         = 1996,
  language     = "english"
}

@ONLINE{offical-openmp,
  title       =  "The official OpenMP site",
  howpublished = "\url{http://www.openmp.org}",
  language     = "english"
}


@ONLINE{offical-cmake,
  title      =  "The official CMake site",
  howpublished = "\url{https://cmake.org}",
  language     = "english"
}


@ONLINE{offical-valgrind,
  title       =  "The official valgrind site",
  howpublished = "\url{http://valgrind.org}",
  language     = "english"
}



